@article{Khachatryan:2010gv,
      author         = "Khachatryan, Vardan and others",
      title          = "{Observation of Long-Range Near-Side Angular Correlations
                        in Proton-Proton Collisions at the LHC}",
      collaboration  = "CMS",
      journal        = "JHEP",
      volume         = "09",
      year           = "2010",
      pages          = "091",
      doi            = "10.1007/JHEP09(2010)091",
      eprint         = "1009.4122",
      archivePrefix  = "arXiv",
      primaryClass   = "hep-ex",
      reportNumber   = "CMS-QCD-10-002, CERN-PH-EP-2010-031",
      SLACcitation   = "%%CITATION = ARXIV:1009.4122;%%"
}
@article{Eskola:2009uj,
      author         = "Eskola, K. J. and Paukkunen, H. and Salgado, C. A.",
      title          = "{EPS09 --- A new generation of NLO and LO nuclear parton
                        distribution functions}",
      journal        = "JHEP",
      volume         = "04",
      pages          = "065",
      doi            = "10.1088/1126-6708/2009/04/065",
      year           = "2009",
      eprint         = "0902.4154",
      archivePrefix  = "arXiv",
      primaryClass   = "hep-ph",
      SLACcitation   = "%%CITATION = ARXIV:0902.4154;%%",
}
@article{deFlorian:2003qf,
      author         = "de Florian, D. and Sassot, R.",
      title          = "{Nuclear parton distributions at next to leading order}",
      journal        = "Phys. Rev. D",
      volume         = "69",
      pages          = "074028",
      doi            = "10.1103/PhysRevD.69.074028",
      year           = "2004",
      eprint         = "hep-ph/0311227",
      archivePrefix  = "arXiv",
      primaryClass   = "hep-ph",
      SLACcitation   = "%%CITATION = HEP-PH/0311227;%%",
}

@article{Frankfurt:2011cs,
      author         = "Frankfurt, L. and Guzey, V. and Strikman, M.",
      title          = "{Leading twist nuclear shadowing phenomena in hard
                        processes with nuclei}",
      journal        = "Phys. Rept.",
      volume         = "512",
      pages          = "255",
      doi            = "10.1016/j.physrep.2011.12.002",
      year           = "2012",
      eprint         = "1106.2091",
      archivePrefix  = "arXiv",
      primaryClass   = "hep-ph",
      reportNumber   = "JLAB-THY-11-1379",
      SLACcitation   = "%%CITATION = ARXIV:1106.2091;%%",
}

@article{FONLLcharmbottomPP1,
      author         = "Cacciari, M. and Greco, M. and Nason, P.",
      title          = "{The $\pt$ spectrum in heavy-flavour hadroproduction}",
      journal        = "JHEP",
      volume         = "05",
      pages          = "007",
      doi            = "10.1088/1126-6708/1998/05/007",
      year           = "1998",
      eprint         = "hep-ph/9803400",
      archivePrefix  = "arXiv",
      primaryClass   = "hep-ph",
      reportNumber   = "CERN-TH/98-77, LPTHE-Orsay/98-11, IFUM/613-FT,
                        LNF-98-008(P)"
}

@article{PhysRevLett.116.032301,
  title = {Study of $B$ Meson Production in $p+\mathrm{Pb}$ Collisions at $\sqrt{{s}_{NN}}=5.02\text{ }\text{ }\mathrm{TeV}$ Using Exclusive Hadronic Decays},
  author = {}
  collaboration = {CMS Collaboration},
  journal = {Phys. Rev. Lett.},
  volume = {116},
  issue = {3},
  pages = {032301},
  numpages = {18},
  year = {2016},
  month = {Jan},
  publisher = {American Physical Society},
  doi = {10.1103/PhysRevLett.116.032301},
  url = {http://link.aps.org/doi/10.1103/PhysRevLett.116.032301}
}

@article{d'Enterria:2015jna,
	      author         = "d'Enterria, David and Krajczar, Krisztian and
		                              Paukkunen, Hannu",
	            title          = "{Top-quark production in proton–nucleus and
			                            nucleus–nucleus collisions at LHC energies and beyond}",
      journal        = "Phys. Lett.",
            volume         = "B746",
	          year           = "2015",
		        pages          = "64-72",
			      doi            = "10.1016/j.physletb.2015.04.044",
			            eprint         = "1501.05879",
				          archivePrefix  = "arXiv",
					        primaryClass   = "hep-ph",
						      SLACcitation   = "%%CITATION = ARXIV:1501.05879;%%"
}

